<record><leader>00000cas a22000007a 4500</leader><controlfield tag="001">1554823</controlfield><controlfield tag="008">750817d19131992mnuwr ne      0    0eng d</controlfield><datafield ind1=" " ind2=" " tag="010"><subfield code="a">sn 91059126 </subfield></datafield><datafield ind1=" " ind2=" " tag="040"><subfield code="a">MUL</subfield><subfield code="b">eng</subfield><subfield code="c">MUL</subfield><subfield code="d">OCL</subfield><subfield code="d">MN#</subfield><subfield code="d">NSD</subfield><subfield code="d">DLC</subfield><subfield code="d">OCLCQ</subfield><subfield code="d">OCLCF</subfield><subfield code="d">OCLCO</subfield></datafield><datafield ind1="1" ind2=" " tag="029"><subfield code="a">AU@</subfield><subfield code="b">000025887240</subfield></datafield><datafield ind1=" " ind2=" " tag="042"><subfield code="a">msc</subfield></datafield><datafield ind1=" " ind2=" " tag="043"><subfield code="a">n-us-mn</subfield></datafield><datafield ind1=" " ind2=" " tag="052"><subfield code="a">4144</subfield><subfield code="b">C535</subfield></datafield><datafield ind1=" " ind2=" " tag="052"><subfield code="a">4143</subfield><subfield code="b">T6</subfield></datafield><datafield ind1="0" ind2="4" tag="245"><subfield code="a">The Clarissa independent.</subfield></datafield><datafield ind1=" " ind2=" " tag="260"><subfield code="a">Clarissa, Minn. :</subfield><subfield code="b">Geo. A. Etzell</subfield></datafield><datafield ind1=" " ind2=" " tag="300"><subfield code="a">v.</subfield></datafield><datafield ind1=" " ind2=" " tag="310"><subfield code="a">Weekly</subfield></datafield><datafield ind1="1" ind2=" " tag="362"><subfield code="a">Began in 1913; ceased in 1992.</subfield></datafield><datafield ind1=" " ind2=" " tag="530"><subfield code="a">Available on microfilm from the Minnesota Historical Society.</subfield></datafield><datafield ind1=" " ind2=" " tag="580"><subfield code="a">Merged with: Eagle Bend Bertha news herald; to form: Independent news herald.</subfield></datafield><datafield ind1=" " ind2=" " tag="588"><subfield code="a">Description based on: Vol. 20, no. 47 (May 27, 1920).</subfield></datafield><datafield ind1=" " ind2="0" tag="651"><subfield code="a">Clarissa (Minn.)</subfield><subfield code="v">Newspapers.</subfield></datafield><datafield ind1=" " ind2="7" tag="655"><subfield code="a">Newspapers.</subfield><subfield code="2">fast</subfield><subfield code="0">(OCoLC)fst01423814</subfield></datafield><datafield ind1=" " ind2="7" tag="651"><subfield code="a">Minnesota</subfield><subfield code="z">Clarissa.</subfield><subfield code="2">fast</subfield><subfield code="0">(OCoLC)fst01260706</subfield></datafield><datafield ind1=" " ind2=" " tag="752"><subfield code="a">United States</subfield><subfield code="b">Minnesota</subfield><subfield code="c">Todd</subfield><subfield code="d">Clarissa.</subfield></datafield><datafield ind1="0" ind2="0" tag="780"><subfield code="t">Todd County independent</subfield></datafield><datafield ind1="1" ind2="7" tag="785"><subfield code="t">News herald (Eagle Bend, Minn.)</subfield><subfield code="x">8750-4693</subfield><subfield code="w">(DLC)sn 84002061</subfield><subfield code="w">(OCoLC)11459619</subfield></datafield><datafield ind1="1" ind2="7" tag="785"><subfield code="t">Independent news herald</subfield><subfield code="x">1065-0628</subfield><subfield code="w">(DLC)sn 92006172</subfield><subfield code="w">(OCoLC)26530564</subfield></datafield></record>